@article{akpw:game,
 author = {Alon, Noga and Karp, Richard M. and Peleg, David and West, Douglas},
 title = {A Graph-Theoretic Game and its Application to the $k$-Server Problem},
 journal = {SIAM J. Comput.},
 issue_date = {Feb. 1995},
 volume = {24},
 number = {1},
 month = feb,
 year = {1995},
 issn = {0097-5397},
 pages = {78--100},
 numpages = {23},
 url = {http://dx.doi.org/10.1137/S0097539792224474},
 doi = {10.1137/S0097539792224474},
 acmid = {206008},
 publisher = {Society for Industrial and Applied Mathematics},
 address = {Philadelphia, PA, USA},
 keywords = {average stretch, servers, spanners, spanning trees},
} 

  @ONLINE{ wiki:kserver,
   author = "Wikipedia",
   title = "K-server problem --- Wikipedia{,} The Free Encyclopedia",
   year = "2012",
   url = "\url{http://en.wikipedia.org/w/index.php?title=K-server_problem}",
   note = "[Online; accessed 22-May-2013]"
 }
 @ONLINE{ feifei-data,
  author = {Li, Feifei and Cheng, Dihan and Hadjieleftheriou, Marios and Kollios, George and Teng, Shang-Hua},
title = {Real Datasets for Spatial Databases: Road Networks and Points of Interest},
year = "2005",
   url = "\url{http://www.cs.utah.edu/~lifeifei/SpatialDataset.htm}",
   note = "[Online; accessed 9-July-2013]"
 }
 @inproceedings{feifei-paper,
 author = {Li, Feifei and Cheng, Dihan and Hadjieleftheriou, Marios and Kollios, George and Teng, Shang-Hua},
 title = {On trip planning queries in spatial databases},
 booktitle = {Proceedings of the 9th international conference on Advances in Spatial and Temporal Databases},
 series = {SSTD'05},
 year = {2005},
 isbn = {3-540-28127-4, 978-3-540-28127-6},
 location = {Angra dos Reis, Brazil},
 pages = {273--290},
 numpages = {18},
 url = {http://dx.doi.org/10.1007/11535331_16},
 doi = {10.1007/11535331_16},
 acmid = {2156248},
 publisher = {Springer-Verlag},
 address = {Berlin, Heidelberg},
} 
 @article{spielman:lower-stretch,
  author    = {Michael Elkin and
               Daniel A. Spielman and
               Shang-Hua Teng},
  title     = {Lower-Stretch Spanning Trees},
  journal   = {CoRR},
  volume    = {cs.DS/0411064},
  year      = {2004},
  ee        = {http://arxiv.org/abs/cs.DS/0411064},
  bibsource = {DBLP, http://dblp.uni-trier.de}
}
@INPROCEEDINGS{vaidya,
  author = {P M vaidya},
  title = {Solving linear equations with symmetric diagonally dominant matrices by constructing good preconditioners. Unpublished manuscript. A talk based on the manuscript was presented at},
  booktitle = {the IMA Workshop on Graph Theory and Sparse Matrix Computation},
  year = {1991}
}

@INPROCEEDINGS{spielman:nearly-linear-sparse,
  author = {D A Spielman and S Teng},
  title = {Nearly-linear time algorithms for graph paritioning, graph sparsification, and solving linear systems},
  booktitle = {In Proceedings of the Thirty-Sixth Annual ACM Symposium on Theory of Computing},
  year = {2004},
  pages = {81--90}
}
@article{comb-sdd,
  author    = {Jonathan A. Kelner and
               Lorenzo Orecchia and
               Aaron Sidford and
               Zeyuan Allen Zhu},
  title     = {A Simple, Combinatorial Algorithm for Solving SDD Systems
               in Nearly-Linear Time},
  journal   = {CoRR},
  volume    = {abs/1301.6628},
  year      = {2013},
  ee        = {http://arxiv.org/abs/1301.6628},
  bibsource = {DBLP, http://dblp.uni-trier.de}
}

 @ONLINE{ taucs,
  author = {Sivan Toledo and Doron Chen and Vladimir Rotkin},
  title = {TAUCS, a Library of Sparse Linear Solvers},
  year = "2003",
   url = "http://www.tau.ac.il/~stoledo/taucs/",
   note = "[Online; accessed 8-September-2013]"
 }
  @ONLINE{ cmg,
  author = {Yiannis Koutis},
  title = {CMG: Combinatorial Multigrid},
  year = "2011",
   url = "http://www.cs.cmu.edu/~jkoutis/cmg.html",
   note = "[Online; accessed 8-September-2013]"
 }
  @ONLINE{ julia:website,
  title = {The Julia Language},
  year = "2013",
   url = "http://julialang.org/",
   note = "[Online; accessed 8-September-2013]"
 }
  @ONLINE{ julia:graphs,
  title = {JuliaLang/Graphs.jl},
  year = "2013",
   url = "https://github.com/JuliaLang/Graphs.jl",
   note = "[Online; accessed 8-September-2013]"
 }